@misc{wiki:IBM_Mira,
   author = "Wikipedia",
   title = "{IBM Mira} --- {W}ikipedia{,} The Free Encyclopedia",
   year = "2016",
   howpublished = {\url{http://en.wikipedia.org/w/index.php?title=IBM%20Mira&oldid=673215292}},
   note = "[Online; accessed 15-May-2016]"
}

@misc{sciencedaily:simulations,
   author = "DOE/Argonne National Laboratory",
   title = "Simulations lead to design of near-frictionless material",
   year = "2015",
   howpublished = {\url{https://www.sciencedaily.com/releases/2015/07/150721194001.htm}},
   note = "[Online; accessed 15-May-2016]"
}

@book{milano2013ibm,
  title={IBM system Blue Gene solution: Blue Gene/Q hardware overview and installation planning},
  author={Milano, James and Lembke, Pamela and others},
  year={2013},
  publisher={IBM Redbooks}
}

@book{gilge2014ibm,
  title={IBM system blue gene solution blue gene/Q application development},
  author={Gilge, Megan and others},
  year={2014},
  publisher={IBM Redbooks}
}
    
@article{0965-0393-24-4-045012,
  author={F Bianchini and J R Kermode and A De Vita},
  title={Modelling defects in NiAl with EAM and DFT calculations},
  journal={Modelling and Simulation in Materials Science and Engineering},
  volume={24},
  number={4},
  pages={045012},
  url={http://stacks.iop.org/0965-0393/24/i=4/a=045012},
  year={2016},
}

@Article{Seo2016,
author={Seo, Hosung
and Govoni, Marco
and Galli, Giulia},
title={Design of defect spins in piezoelectric aluminum nitride for solid-state hybrid quantum technologies},
journal={Scientific Reports},
year={2016},
month={Feb},
day={15},
publisher={The Author(s) SN  -},
volume={6},
pages={20803 EP  -},
note={Article},
url={http://dx.doi.org/10.1038/srep20803}
}


