@phdthesis{sukkarieh2000low,
  title={Low cost, high integrity, aided inertial navigation systems for autonomous land vehicles},
  author={Sukkarieh, Salah},
  year={2000},
  school={The University of Sydney}
}

@article{woodman2007introduction,
  title={An introduction to inertial navigation},
  author={Woodman, Oliver J},
  journal={University of Cambridge, Computer Laboratory, Tech. Rep. UCAMCL-TR-696},
  volume={14},
  pages={15},
  year={2007}
}

@inproceedings{schlomer2008gesture,
  title={Gesture recognition with a Wii controller},
  author={Schl{\"o}mer, Thomas and Poppinga, Benjamin and Henze, Niels and Boll, Susanne},
  booktitle={Proceedings of the 2nd international conference on Tangible and embedded interaction},
  pages={11--14},
  year={2008},
  organization={ACM}
}

@inproceedings{perlmutter2012high,
  title={High-performance, low cost inertial MEMS: A market in motion!},
  author={Perlmutter, Michael and Robin, Laurent},
  booktitle={Position Location and Navigation Symposium (PLANS), 2012 IEEE/ION},
  pages={225--229},
  year={2012},
  organization={IEEE}
}

@book{titterton2004strapdown,
  title={Strapdown inertial navigation technology},
  author={Titterton, David and Weston, John L},
  volume={17},
  year={2004},
  publisher={IET}
}

@inproceedings{suvorova2012action,
  title={Action trajectory reconstruction from inertial sensor measurements},
  author={Suvorova, Sofia and Vaithianathan, Tharshan and Caelli, Terry},
  booktitle={Information Science, Signal Processing and their Applications (ISSPA), 2012 11th International Conference on},
  pages={989--994},
  year={2012},
  organization={IEEE}
}

@article{willemsenconcept,
  title={Concept for building a MEMS based indoor localization system},
  author={Willemsen, Thomas and Keller, Friedrich and Sternberg, Harald}
}

@book{wendel2011integrierte,
  title={Integrierte Navigationssysteme: Sensordatenfusion, GPS und Inertiale Navigation},
  author={Wendel, Jan},
  year={2011},
  publisher={Walter de Gruyter}
}

@article{kim2004step,
  title={A step, stride and heading determination for the pedestrian navigation system},
  author={Kim, Jeong Won and Jang, Han Jin and Hwang, Dong-Hwan and Park, Chansik},
  journal={Positioning},
  volume={1},
  number={08},
  pages={0},
  year={2004},
  publisher={Scientific Research Publishing}
}

@inproceedings{goyal2011strap,
  title={Strap-down pedestrian dead-reckoning system},
  author={Goyal, Pragun and Ribeiro, Vinay J and Saran, Huzur and Kumar, Anshul},
  booktitle={Indoor Positioning and Indoor Navigation (IPIN), 2011 International Conference on},
  pages={1--7},
  year={2011},
  organization={IEEE}
}

@article{willemsen2013kalibrierung,
  title={Kalibrierung von im Smartphone verbauten Sensoren},
  author={Willemsen, T and Keller, F and Sternberg, H},
  journal={Calibration of sensors installed in smartphones},
  year={2013}
}

@inproceedings{yoo2011fuzzy,
  title={Fuzzy logic based 2D position estimation for small robotic fish using low cost MEMS accelerometer},
  author={Yoo, Taesuk and Hong, Sung Kyung and Ryuh, Youngsun},
  booktitle={Advanced Robotics (ICAR), 2011 15th International Conference on},
  pages={175--179},
  year={2011},
  organization={IEEE}
}

@article{syed2007new,
  title={A new multi-position calibration method for MEMS inertial navigation systems},
  author={Syed, ZF and Aggarwal, P and Goodall, C and Niu, X and El-Sheimy, N},
  journal={Measurement Science and Technology},
  volume={18},
  number={7},
  pages={1897},
  year={2007},
  publisher={IOP Publishing}
}

@inproceedings{gaysse2005using,
  title={Using fuzzy logic in low cost microcontroller to increase accelerometer performances},
  author={Gaysse, J{\'e}r{\^o}me},
  booktitle={Soft Computing in Industrial Applications, 2005. SMCia/05. Proceedings of the 2005 IEEE Mid-Summer Workshop on},
  pages={6--11},
  year={2005},
  organization={IEEE}
}

@article{yoo2011gain,
  title={Gain-scheduled complementary filter design for a MEMS based attitude and heading reference system},
  author={Yoo, Tae Suk and Hong, Sung Kyung and Yoon, Hyok Min and Park, Sungsu},
  journal={Sensors},
  volume={11},
  number={4},
  pages={3816--3830},
  year={2011},
  publisher={Molecular Diversity Preservation International}
}

@article{atia2015integrated,
  title={Integrated Indoor Navigation System for Ground Vehicles With Automatic 3-D Alignment and Position Initialization},
  author={Atia, Mohamed M and Liu, Shifei and Nematallah, Heba and Karamat, Tashfeen B and Noureldin, Aboelmagd},
  journal={Vehicular Technology, IEEE Transactions on},
  volume={64},
  number={4},
  pages={1279--1292},
  year={2015},
  publisher={IEEE}
}