@misc{OASISAdv34:online,
author = {},
title = {OASIS Advanced Message Queuing Protocol (AMQP) Version 1.0, Part 2: Transport},
howpublished = {\url{http://docs.oasis-open.org/amqp/core/v1.0/amqp-core-transport-v1.0.html}},
month = {},
year = {},
note = {(Accessed on 11/28/2016)}
}

@misc{OASISAdv29:online,
author = {},
title = {OASIS Advanced Message Queuing Protocol (AMQP) Version 1.0, Part 0: Overview},
howpublished = {\url{http://docs.oasis-open.org/amqp/core/v1.0/os/amqp-core-overview-v1.0-os.html#toc}},
month = {},
year = {},
note = {(Accessed on 11/28/2016)}
}

@misc{OASISAdv52:online,
author = {},
title = {OASIS Advanced Message Queuing Protocol (AMQP) Version 1.0, Part 1: Types},
howpublished = {\url{http://docs.oasis-open.org/amqp/core/v1.0/os/amqp-core-types-v1.0-os.html#toc}},
month = {},
year = {},
note = {(Accessed on 11/28/2016)}
}

@misc{OASISAdv71:online,
author = {},
title = {OASIS Advanced Message Queuing Protocol (AMQP) Version 1.0, Part 3: Messaging},
howpublished = {\url{http://docs.oasis-open.org/amqp/core/v1.0/os/amqp-core-messaging-v1.0-os.html#toc}},
month = {},
year = {},
note = {(Accessed on 11/28/2016)}
}

@misc{RabbitMQ71:online,
author = {},
title = {RabbitMQ - Messaging that just works},
howpublished = {\url{https://www.rabbitmq.com/}},
month = {},
year = {},
note = {(Accessed on 11/28/2016)}
}

@misc{Vagrantb88:online,
author = {},
title = {Vagrant by HashiCorp},
howpublished = {\url{https://www.vagrantup.com/}},
month = {},
year = {},
note = {(Accessed on 11/28/2016)}
}

@article{vinoski2006advanced,
  title={Advanced message queuing protocol},
  author={Vinoski, Steve},
  journal={IEEE Internet Computing},
  volume={10},
  number={6},
  pages={87},
  year={2006},
  publisher={IEEE Computer Society}
}