@article{kalman1960new,
  title={A new approach to linear filtering and prediction problems},
  author={Kalman, Rudolph Emil},
  journal={Journal of Fluids Engineering},
  volume={82},
  number={1},
  pages={35--45},
  year={1960},
  publisher={American Society of Mechanical Engineers}
}

@article{faragher2012understanding,
  title={Understanding the basis of the Kalman filter via a simple and intuitive derivation},
  author={Faragher, Ramsey and others},
  journal={IEEE Signal processing magazine},
  volume={29},
  number={5},
  pages={128--132},
  year={2012}
}

@book{bibby1977prediction,
  title={Prediction and improved estimation in linear models},
  author={Bibby, John and Toutenburg, Helge},
  year={1977},
  publisher={Wiley}
}


@book{simon2006optimal,
  title={Optimal state estimation: Kalman, H infinity, and nonlinear approaches},
  author={Simon, Dan},
  year={2006},
  publisher={John Wiley \& Sons}
}