@article{willemsenconcept,
  title={Concept for building a MEMS based indoor localization system},
  author={Willemsen, Thomas and Keller, Friedrich and Sternberg, Harald}
}

@inproceedings{suvorova2012action,
  title={Action trajectory reconstruction from inertial sensor measurements},
  author={Suvorova, Sofia and Vaithianathan, Tharshan and Caelli, Terry},
  booktitle={Information Science, Signal Processing and their Applications (ISSPA), 2012 11th International Conference on},
  pages={989--994},
  year={2012},
  organization={IEEE}
}

@inproceedings{yoo2011fuzzy,
  title={Fuzzy logic based 2D position estimation for small robotic fish using low cost MEMS accelerometer},
  author={Yoo, Taesuk and Hong, Sung Kyung and Ryuh, Youngsun},
  booktitle={Advanced Robotics (ICAR), 2011 15th International Conference on},
  pages={175--179},
  year={2011},
  organization={IEEE}
}

@inproceedings{yuan2014indoor,
  title={Indoor pedestrian navigation using miniaturized low-cost MEMS inertial measurement units},
  author={Yuan, Xuebing and Liu, Chaojun and Zhang, Shengzhi and Yu, Shuai and Liu, Sheng},
  booktitle={Position, Location and Navigation Symposium-PLANS 2014, 2014 IEEE/ION},
  pages={487--492},
  year={2014},
  organization={IEEE}
}