@book{han2011data,
  title={Data mining: concepts and techniques},
  author={Han, Jiawei and Kamber, Micheline and Pei, Jian},
  year={2011},
  publisher={Elsevier}
}