@misc{MPU9243:online,
author = {},
title = {MPU9250AHRS - a mercurial repository | mbed},
howpublished = {\url{https://developer.mbed.org/users/onehorse/code/MPU9250AHRS/}},
month = {},
year = {},
note = {(Accessed on 06/04/2016)}
}

@misc{MPU9152:online,
author = {},
title = {MPU9150AHRS - a mercurial repository | mbed},
howpublished = {\url{https://developer.mbed.org/users/onehorse/code/MPU9150AHRS/}},
month = {},
year = {},
note = {(Accessed on 06/04/2016)}
}

@misc{MPU6036:online,
author = {},
title = {MPU6050IMU - a mercurial repository | mbed},
howpublished = {\url{https://developer.mbed.org/users/onehorse/code/MPU6050IMU/}},
month = {},
year = {},
note = {(Accessed on 06/04/2016)}
}

@misc{mbedC9:online,
author = {},
title = {mbed Compiler Workspace Management},
howpublished = {\url{https://developer.mbed.org/compiler/#nav:/;}},
month = {},
year = {},
note = {(Accessed on 06/04/2016)}
}

@book{Laurent:2004:UOS:1096111,
 author = {Laurent, Andrew M. St.},
 title = {Understanding Open Source and Free Software Licensing},
 year = {2004},
 isbn = {0596005814},
 publisher = {O'Reilly Media, Inc.},
} 