@misc{matlabexample,
    author = {MATLABÂ® R2013b},
    title = {Handwriting Recognition Using Bagged Classification Trees},
    howpublished = "\url{http://se.mathworks.com/solutions/machine-learning/examples.html?file=/products/demos/machine-learning/handwriting_recognition/handwriting_recognition.html}",
    year = {},
    note = "[Online; accessed 28-Dec-2015]"
}