@phdthesis{sukkarieh2000low,
  title={Low cost, high integrity, aided inertial navigation systems for autonomous land vehicles},
  author={Sukkarieh, Salah},
  year={2000},
  school={The University of Sydney}
}

@article{woodman2007introduction,
  title={An introduction to inertial navigation},
  author={Woodman, Oliver J},
  journal={University of Cambridge, Computer Laboratory, Tech. Rep. UCAMCL-TR-696},
  volume={14},
  pages={15},
  year={2007}
}

@inproceedings{schlomer2008gesture,
  title={Gesture recognition with a Wii controller},
  author={Schl{\"o}mer, Thomas and Poppinga, Benjamin and Henze, Niels and Boll, Susanne},
  booktitle={Proceedings of the 2nd international conference on Tangible and embedded interaction},
  pages={11--14},
  year={2008},
  organization={ACM}
}

@inproceedings{perlmutter2012high,
  title={High-performance, low cost inertial MEMS: A market in motion!},
  author={Perlmutter, Michael and Robin, Laurent},
  booktitle={Position Location and Navigation Symposium (PLANS), 2012 IEEE/ION},
  pages={225--229},
  year={2012},
  organization={IEEE}
}

@book{titterton2004strapdown,
  title={Strapdown inertial navigation technology},
  author={Titterton, David and Weston, John L},
  volume={17},
  year={2004},
  publisher={IET}
}